@misc{website:v8-intro,
      title = "V8 Introduction page by Google",
      howpublished = "\url{https://developers.google.com/v8/intro}"
}

@misc{website:cloudfoundry,
      title = "Future-proofing Your Apps: Cloud Foundry and Node.js",
      howpublished = "\url{http://blog.cloudfoundry.com/tag/polyglot/}"
}

@misc{website:isomorfic,
      title = "Scaling Isomorphic Javascript Code",
      howpublished = "\url{http://blog.nodejitsu.com/scaling-isomorphic-javascript-code}"
}

@book{book:smashing,
  title={Smashing Node.js: JavaScript Everywhere},
  author={Rauch, G.},
  isbn={9781119963103},
  series={Smashing Magazine Book Series},
  url={http://books.google.it/books?id=G1y\_5kpmatUC},
  year={2012},
  publisher={Wiley}
}
